<?xml version="1.0" encoding="UTF-8"?>
<record xmlns="http://www.loc.gov/MARC21/slim">
   <leader>01016cam a22003135  4500</leader>
   <controlfield tag="001">1560045</controlfield>
   <controlfield tag="003">NjP</controlfield>
   <controlfield tag="005">20170216233755.0</controlfield>
   <controlfield tag="008">991210q19451946ir            000 0 ara d</controlfield>
   <datafield tag="024" ind1="7" ind2=" ">
      <subfield code="a">princeton_aco003626</subfield>
      <subfield code="2">local</subfield>
   </datafield>
   <datafield ind1=" " ind2=" " tag="035">
      <subfield code="a">(OCoLC)ocn177221640</subfield>
   </datafield>
   <datafield ind1=" " ind2=" " tag="035">
      <subfield code="a">(OCoLC)ocm42967627</subfield>
   </datafield>
   <datafield ind1=" " ind2=" " tag="040">
      <subfield code="a">PUL</subfield>
      <subfield code="c">PUL</subfield>
      <subfield code="d">PUL</subfield>
   </datafield>
   <datafield ind1=" " ind2=" " tag="035">
      <subfield code="a">(OCoLC)177221640</subfield>
   </datafield>
   <datafield ind1=" " ind2=" " tag="035">
      <subfield code="9">CEW7380TS</subfield>
   </datafield>
   <datafield ind1=" " ind2=" " tag="035">
      <subfield code="a">(NjP)1560045</subfield>
   </datafield>
   <datafield ind1="0" ind2=" " tag="041">
      <subfield code="a">araper</subfield>
   </datafield>
   <datafield ind1=" " ind2=" " tag="079">
      <subfield code="a">ocm42967627</subfield>
   </datafield>
   <datafield ind1=" " ind2=" " tag="090">
      <subfield code="a">BP194</subfield>
      <subfield code="b">.M75163 1945</subfield>
   </datafield>
   <datafield ind1=" " ind2=" " tag="049">
      <subfield code="a">PULL</subfield>
   </datafield>
   <datafield ind1="1" ind2=" " tag="100">
      <subfield code="6">880-01</subfield>
      <subfield code="a">Mufīd, Muḥammad ibn Muḥammad,</subfield>
      <subfield code="d">-1022.</subfield>
      <subfield code="0">http://id.loc.gov/authorities/names/n80072488</subfield>
   </datafield>
   <datafield ind1="0" ind2="3" tag="245">
      <subfield code="a">al-Nukat al-iʻtiqādīyah,</subfield>
      <subfield code="b">bā tarjameh-yi Fārsī ba-qalam-i Muḥammad Taqī Danish-Pazhūh.</subfield>
   </datafield>
   <datafield ind1=" " ind2=" " tag="260">
      <subfield code="a">Tehran,</subfield>
      <subfield code="b">Chāpkhāneh-yi Iqbāl,</subfield>
      <subfield code="c">1324 [1945 or 6]</subfield>
   </datafield>
   <datafield ind1=" " ind2=" " tag="300">
      <subfield code="a">7, 40 p.</subfield>
      <subfield code="c">21 cm.</subfield>
   </datafield>
   <datafield ind1=" " ind2=" " tag="546">
      <subfield code="a">In Arabic and Persian.</subfield>
   </datafield>
   <datafield ind1="1" ind2=" " tag="880">
      <subfield code="6">100-01/r</subfield>
      <subfield code="a">مفيد، محمد بن محمد،</subfield>
      <subfield code="d">d. 1022.</subfield>
   </datafield>
   <datafield ind1=" " ind2=" " tag="947">
      <subfield code="a">CEW7380</subfield>
   </datafield>
   <datafield ind1=" " ind2=" " tag="911">
      <subfield code="a">20000220</subfield>
   </datafield>
   <datafield ind1=" " ind2=" " tag="994">
      <subfield code="a">C0</subfield>
      <subfield code="b">PUL</subfield>
   </datafield>
   <datafield ind1=" " ind2=" " tag="999">
      <subfield code="a">1560045</subfield>
   </datafield>
   <datafield ind1=" " ind2=" " tag="902">
      <subfield code="a">jab</subfield>
      <subfield code="b">r</subfield>
      <subfield code="6">a</subfield>
      <subfield code="7">m</subfield>
      <subfield code="d">v</subfield>
      <subfield code="f">0</subfield>
      <subfield code="e">20100610</subfield>
   </datafield>
   <datafield ind1="0" ind2="0" tag="852">
      <subfield code="0">1796356</subfield>
      <subfield code="b">rcppa</subfield>
      <subfield code="h">BP194</subfield>
      <subfield code="i">.M75163 1945</subfield>
      <subfield code="x">tr fr nec</subfield>
   </datafield>
   <datafield ind1=" " ind2=" " tag="959">
      <subfield code="a">2000-06-13 00:00:00 -0400</subfield>
   </datafield>
</record>
